@book{fulano,
	author={Fulano},
	title={Novo Titulo},
	date={2018-07-23}
}
'
